@article{ECP_kahn,
author = {Kahn,Luis R.  and Baybutt,Paul  and Truhlar,Donald G. },
title = {Ab initio effective core potentials: Reduction of all-electron molecular structure calculations to calculations involving only valence electrons},
journal = {The Journal of Chemical Physics},
volume = {65},
number = {10},
pages = {3826-3853},
year = {1976},
doi = {10.1063/1.432900},
URL = { https://doi.org/10.1063/1.432900},
eprint = { https://doi.org/10.1063/1.432900}
}

@article{Bode_ECP,
author = {Bode,Brett M.  and Gordon,Mark S. },
title = {Fast computation of analytical second derivatives with effective core potentials: Application to Si8C12, Ge8C12, and Sn8C12},
journal = {The Journal of Chemical Physics},
volume = {111},
number = {19},
pages = {8778-8784},
year = {1999},
doi = {10.1063/1.480225},
URL = { https://doi.org/10.1063/1.480225},
eprint = { https://doi.org/10.1063/1.480225}
}

@phdThesis{Tesis_Nick,
    author     =     {Foglia, N. O.},
    title     =     {Simulaci\'on computacional de din\'amica electr\'onica y reactividad qu\'imica},
    school     =     {Universidad de Buenos Aires},
    address     =     {},
    year     =     {2019},
    }

@book{szabo,
  abstract = {},
  added-at = {2013-03-21T02:21:09.000+0100},
  address = {Mineola},
  annote = {This is the revised first edition, originally published in 1989 by McGraw-Hill Publishing Company, New York, with an additional section written by M. C. Zerner. First edition originally published in 1982.},
  author = {Szabo, A. and Ostlund, N.S.},
  biburl = {},
  edition = {1st},
  keywords = {},
  publisher = {Dover Publications, Inc.},
  timestamp = {2013-03-21T02:21:09.000+0100},
  title = {Modern Quantum Chemistry: Introduction to Advanced Electronic Structure Theory},
  year = 1996
}


%%%%%%%%%%%%%%%%%%%%%%%% Pseudo Potenciales %%%%%%%%%%%%%%%%%%%%%%%%%%%%%%%

%%%%%%%%%% CEP %%%%%%%%%%

@article{CEP1,
author = {Stevens, W. and Krauss, M. and Basch, H. and Jasien, P.},
title = {Relativistic compact effective potentials and efficient, shared\textendash exponent basis sets for the third\textendash, fourth\textendash, and fifth\textendash row atoms},
journal = {Can. J. Chemistry},
volume = {70},
number = {2},
pages = {612-630},
year = {1992},
doi = {10.1139/v92-085},
URL = {http://dx.doi.org/10.1139/v92-085},
eprint = {http://dx.doi.org/10.1139/v92-085}
}

@article{CEP2,
   author = "Stevens, W. and Basch, H. and Krauss, M.",
   title = "Compact effective potentials and efficient shared\textendash exponent basis sets for the first\textendash  and second\textendash  row atoms",
   journal = "J. Chem. Phys.",
   year = "1984",
   volume = "81",
   number = "12", 
   pages = "6026-6033",
   url = "http://scitation.aip.org/content/aip/journal/jcp/81/12/10.1063/1.447604",
   doi = "http://dx.doi.org/10.1063/1.447604" 
}

@article{CEP3,
   author = "Cundari, T. and Stevens, W. ",
   title = "Effective core potential methods for the lanthanides",
   journal = "J. Chem. Phys.",
   year = "1993",
   volume = "98",
   number = "7", 
   pages = "5555-5565",
   url = "http://scitation.aip.org/content/aip/journal/jcp/98/7/10.1063/1.464902",
   doi = "http://dx.doi.org/10.1063/1.464902" 
}

%%%%%%%%%% CRENBL %%%%%%%%%%

@article{CRENBL1,
   author = "Fernandez Pacios, L. and Christiansen, P. ",
   title = "$Ab initio$ relativistic effective potentials with spin\textendash orbit operators. I. Li through Ar",
   journal = "J. Chem. Phys.",
   year = "1985",
   volume = "82",
   number = "6", 
   pages = "2664-2671",
   url = "http://scitation.aip.org/content/aip/journal/jcp/82/6/10.1063/1.448263",
   doi = "http://dx.doi.org/10.1063/1.448263" 
}

@article{CRENBL2,
   author = "Hurley, M. M. and Pacios, Luis Fernandez and Christiansen, P. A. and Ross, R. B. and Ermler, W. C.",
   title = "Abinitio relativistic effective potentials with spin\textendash orbit operators. II. K through Kr",
   journal = "J. Chem. Phys.",
   year = "1986",
   volume = "84",
   number = "12", 
   pages = "6840-6853",
   url = "http://scitation.aip.org/content/aip/journal/jcp/84/12/10.1063/1.450689",
   doi = "http://dx.doi.org/10.1063/1.450689" 
}

@article{CRENBL4,
   author = "LaJohn, L. A. and Christiansen, P. A. and Ross, R. B. and Atashroo, T. and Ermler, W. C.",
   title = "$Abinitio$ relativistic effective potentials with spin\textendash orbit operators. III. Rb through Xe",
   journal = "J. Chem. Phys.",
   year = "1987",
   volume = "87",
   number = "5", 
   pages = "2812-2824",
   url = "http://scitation.aip.org/content/aip/journal/jcp/87/5/10.1063/1.453069",
   doi = "http://dx.doi.org/10.1063/1.453069" 
}

@article{CRENBL5,
   author = "Ross, R. B. and Powers, J. M. and Atashroo, T. and Ermler, W. C. and LaJohn, L. A. and Christiansen, P. A.",
   title = "$Abinitio$ relativistic effective potentials with spin\textendash orbit operators. IV. Cs through Rn",
   journal = "J. Chem. Phys.",
   year = "1990",
   volume = "93",
   number = "9", 
   pages = "6654-6670",
   url = "http://scitation.aip.org/content/aip/journal/jcp/93/9/10.1063/1.458934",
   doi = "http://dx.doi.org/10.1063/1.458934" 
}

%%%%%%%%%% LAN %%%%%%%%%%
@article{LAN1,
   author = "Hay, P. and Wadt, W. ",
   title = "$Ab\ initio$ effective core potentials for molecular calculations. Potentials for the transition metal atoms Sc to Hg",
   journal = "J. Chem. Phys.",
   year = "1985",
   volume = "82",
   number = "1", 
   pages = "270-283",
   url = "http://scitation.aip.org/content/aip/journal/jcp/82/1/10.1063/1.448799",
   doi = "http://dx.doi.org/10.1063/1.448799" 
}
@article{LAN2,
   author = "Wadt, W. and Hay, P. ",
   title = "$Ab\ initio$ effective core potentials for molecular calculations. Potentials for main group elements Na to Bi",
   journal = "J. Chem. Phys.",
   year = "1985",
   volume = "82",
   number = "1", 
   pages = "284-298",
   url = "http://scitation.aip.org/content/aip/journal/jcp/82/1/10.1063/1.448800",
   doi = "http://dx.doi.org/10.1063/1.448800" 
}
@article{LAN3,
   author = "Hay, P. and Wadt, W. ",
   title = "$Ab\ initio$ effective core potentials for molecular calculations. Potentials for K to Au including the outermost core orbitals",
   journal = "J. Chem. Phys.",
   year = "1985",
   volume = "82",
   number = "1", 
   pages = "299-310",
   url = "http://scitation.aip.org/content/aip/journal/jcp/82/1/10.1063/1.448975",
   doi = "http://dx.doi.org/10.1063/1.448975" 
}

%%%%%%%%%% STUTTGART %%%%%%%%%%

@article{stuttgart,
   author = "Dolg, M. and Wedig, U. and Stoll, H. and Preuss, H.",
   title = "Energy\textendash adjusted $abinitio$ pseudopotentials for the first row transition elements",
   journal = "J. Chem. Phys.",
   year = "1987",
   volume = "86",
   number = "2", 
   pages = "866-872",
   url = "http://scitation.aip.org/content/aip/journal/jcp/86/2/10.1063/1.452288",
   doi = "http://dx.doi.org/10.1063/1.452288" 
}
%%%%%%%%%%%%%%%%%%%%%%%%%%%%%%%%%%%%%%%%%%%%%%%%%%%%%%%%%%%%%%%%%%%%%%%%%%%
